<?xml version="1.0" encoding="UTF-8"?><collection xmlns="http://www.loc.gov/MARC21/slim"><record><leader>00363nam--2200121-i-4500</leader><controlfield tag="001">000033462</controlfield><controlfield tag="002">20161230</controlfield><controlfield tag="005">20161230201039</controlfield><controlfield tag="008">060222s1000------------r-----000-0-eng-d</controlfield><datafield ind1=" " ind2=" " tag="245"><subfield code="a">Report issued by the rutherford high energy laboratory 1960-1972</subfield></datafield><datafield ind1=" " ind2=" " tag="260"><subfield code="a">Chilton, Didcot Berks., Rutherford High Energy Laboratory, 1972. 42p</subfield></datafield><datafield ind1=" " ind2=" " tag="700"><subfield code="a">Marsh, E</subfield></datafield><datafield ind1=" " ind2=" " tag="852"><subfield code="a">D 1277</subfield></datafield></record></collection>